@online{3d-tiles-reference-card-v1,
  author   = {CesiumGS},
  title    = {3D Tiles reference cards V1.0},
  url      = {https://github.com/CesiumGS/3d-tiles/blob/main/3d-tiles-reference-card.pdf},
  addendum = {(accessed: 18.07.2024)},
  keywords = {reference-card,3d-tiles,v1.0}
}

@online{3d-tiles-specification,
  author   = {CesiumGS},
  title    = {3D Tiles specification},
  url      = {https://github.com/CesiumGS/3d-tiles/tree/main/specification#core-implicit-tiling},
  addendum = {(accessed: 18.07.2024)},
  keywords = {specification,3d-tiles}
}


@book{typo,
  author    = {},
  title     = {Lexique des règles typographiques en usage à l'Imprimerie nationale},
  publisher = {L'Imprimerie nationale},
  year      = {2002},
  address   = {Paris},
  isbn      = {2-7433-0482-0}
}

@online{knuthwebsite,
  author   = {Donald Knuth},
  title    = {Knuth: Computers and Typesetting},
  url      = {http://www-cs-faculty.stanford.edu/~uno/abcde.html},
  addendum = {(accessed: 01.09.2016)},
  keywords = {latex,knuth}
}

@article{einstein,
  author   = {Albert Einstein},
  title    = {{Zur Elektrodynamik bewegter K{\"o}rper}. ({German})
              [{On} the electrodynamics of moving bodies]},
  journal  = {Annalen der Physik},
  volume   = {322},
  number   = {10},
  pages    = {891--921},
  year     = {1905},
  doi      = {http://dx.doi.org/10.1002/andp.19053221004},
  keywords = {physics}
}

@book{dirac,
  title     = {The Principles of Quantum Mechanics},
  author    = {Paul Adrien Maurice Dirac},
  isbn      = {9780198520115},
  series    = {International series of monographs on physics},
  year      = {1981},
  publisher = {Clarendon Press},
  keywords  = {physics}
}